@BOOK{AsM08,
  title = {Feedback Systems},
  publisher = {Princeton University Press},
  year = {2008},
  author = {{\AA}str{\"o}m, K. J. and Murray, R. M.},
  confidential = {n},
  file = {AsM08.pdf:pdf\\AsM08.pdf:PDF},
  timestamp = {2014.01.01},
  url = {http://www.cds.caltech.edu/~murray/amwiki/index.php/Main_Page}
}
